@misc{primera,
	title={Metodología Ágil vs. Metodología Tradicional},
	volume={2022},
	number={Feb 10,},
	note={El único punto negativo, mal entendido por los equipos de trabajo, es asociar la metodología ágil con la ausencia de documentación, es cierto que al ser sprint rápidos, ligeros y en constante cambio es complicado realizar una documentación detallada, pero no es excusa para suprimirla totalmente, ya que unos mínimos siempre deben estar presentes en los proyectos, por muy ágiles que sean. Para obtener el título de SCRUM Máster existen multitud de cursos impartidos por expertos que superando un examen final otorgan el título PSM-Profesional Scrum Máster.},
	abstract={La meta fundamental del Capítulo de Madrid es promover y desarrollar un verdadero sentido profesional en la práctica de la Dirección de Proyectos, en todas sus áreas de aplicación.},
	url={https://pmi-mad.org/socios/articulos-direccion-proyectos/1288-metodologia-agil-vs-metodologia-tradicional}
}
